@book{Silge,
author={Julia Silge and David Robinson},
publisher={O'Reilly Media},
year={2017},
title={Text Mining with R: A Tidy Approach}
}

@book{Wickham,
author={Hadley Wickham and Garrett Grolemund},
publisher={O'Reilly Media},
year={2017},
title={R for Data Science: Import, Tidy, Transform, Visualize, and Model Data}
}